@monograpy{Nunes2016,
  author  = {Tomaz Filgueira Nunes},
  title   = {Telemetria de um ve{\´{i}}culo Baja SAE atrav{\´{e}}s de rede CAN},
  school  = {Engenharia Mecatr{\^{o}}nica na Universidade Federal do Rio Grande do Norte},
  year    = {2016},
  type    = {Trabalho de conclus{\~{a}}o de curso},
  address = {Natal},
  month   = {junho de}
  }


@monograpy{Dias2010,
  author =   {Jullierme Emiliano Alves Dias},
  title =    {Eletr{\^{o}}nica, Instrumenta{\c{c}}ao e Telemetria do Ve{\´{i}}culo UFVBAJA},
  school =   {Engenharia El{\´{e}}trica na Universidade Federal de Vicosa},
  year =   {2010},
  type =   {Trabalho de conclus{\~{a}}o de curso},
  address =    {Vicosa},
  month =    {dezembro de}
}


@misc{bajasae,
    author = "SAE Brasil",
    title  = "Estudantes de engenharia constroem 30 carros off-road para competi{\c{c}}{\~{a}}o",
    month  = "ago",
    year   = "2016",
    url    = "http://portal.saebrasil.org.br/noticia/noticia-sae-brasil/Post/4151/Estudantes-de-engenharia-constroem-30-carros-off-road-para-competi%C3%A7%C3%A3o"
}


@misc{regulamentobajasae,
    author = "SAE Brasil",
    title  = "Regulamento",
    month  = "jun",
    year   = "2017",
    url    = "http://portal.saebrasil.org.br/programas-estudantis/baja-sae-brasil/regras"
}


@INPROCEEDINGS{vehicleDataAcquisition2014, 
  author={J. R. Chandiramani and S. Bhandari and S. A. Hariprasad}, 
  booktitle={2014 Fifth International Conference on Signal and Image Processing}, 
  title={Vehicle Data Acquisition and Telemetry}, 
  year={2014}, 
  volume={}, 
  number={}, 
  pages={187-191}, 
  keywords={Zigbee;automotive engineering;data acquisition;digital filters;mechanical engineering computing;telemetry;wireless sensor networks;DAQ system;ZigBee network;automotive application;data rate;digital filter;filtering;moving vehicle;noise factor;race team;sensor data;serial data;telemetry;vehicle data acquisition;vehicle development;vehicle manufacturer;wireless transmission;word length 10 bit;Data acquisition;Graphical user interfaces;Noise;Telemetry;Temperature sensors;Testing;Vehicles;Data acquisition;ZigBee;automotive;filtering;telemetry;vehicle},
  doi={10.1109/ICSIP.2014.35}, 
  ISSN={}, 
  month={Jan}
}