%Tiago References
@BOOK {radware,
    author    = "Ronen Kenig, Deborah Manor, Ziv Gadot , Daniel Trauner",
    title     = "radware DDoS Survival Handbook",
    publisher = "Radware, Ltd.",
    year      = "2013",
    edition   = "first"
}

@misc {cert1,
    author = "cert.br",
    title  = "Estatísticas dos Incidentes Reportados ao CERT.br",
    month  = "dec",
    year   = "2015",
    url    = "\url{http://www.cert.br/stats/incidentes/}"
}

@ONLINE {Arbor,
    author = "arbornetworks",
    title  = "Arbor Networks registra os maiores ataques DDoS no Relatório Q1 2015 DDoS",
    month  = "apr",
    year   = "2015",
    url    = "\url{http://br.arbornetworks.com/arbor-networks-registra-os-maiores-ataques-ddos-no-relatorio-q1-2015-ddos/}"
}

@MastersThesis{Diatel:2016,
  author = 	 {Marcelo Diatel},
  title = 	 {Análise comparativa de ferramentas de armazenamento para honeypots {DNS}},
  school = 	 {Bacharelado em Ciência da Computação, Universidade
                  do Estado de Santa Catarina},
  year = 	 2016,
  type = 	 {Trabalho de conclusão de curso},
  address = 	 {Joinville},
  month = 	 {dezembro de}
}

@Monography{Longo:2015:tcc,
  author = 	 {Felipe Souza Longo},
  title = 	 {Honeypot para Servidores {DNS} Recursivos: Adaptação,
                  Coleta e Análise de Resultados},
  school = 	 {Bacharelado em Ciência da Computação, Universidade
                  do Estado de Santa Catarina},
  year = 	 2015,
  type = 	 {Trabalho de conclusão de curso},
  address = 	 {Joinville},
  month = 	 {dezembro de}}

@ONLINE {uscert,
    author = "us-cert",
    title  = "{DNS} Amplification Attacks",
    month  = "mar",
    year   = "2013",
    url    = "\url{https://www.us-cert.gov/ncas/alerts/TA13-088A}"
}

@MISC {trustsign,
    author       = "Marcos Ferreira",
    title        = "O que é um ataque DDoS",
    howpublished = "trustsign",
    year         = "2015"
}

@MISC {cert3,
    author = "CERT.BR",
    title  = "Recomendações para Melhorar o Cenário de Ataques Distribuídos de Negação de Serviço (DDoS)",
    month  = "apr",
    year   = "2016",
    note   = "Disponível em \url{http://www.cert.br/docs/whitepapers/ddos/}"
}

@Article{Steding-Jessen:2007:ulihs,
               author = "Steding-Jessen, Klaus and Vijaykumar, Nandamudi Lankalapalli and 
                         Montes Filho, Antonio",
          affiliation = "{} and {Instituto Nacional de Pesquisas Espaciais 
                         (INPE)}",
                title = "Using Low-Interaction Honeypots to Study the Abuse of Open Proxies 
                         to Send {Spam}",
              journal = "InfoComp",
                 year = "2008",
               volume = "7",
               number = "1",
                pages = "44--52",
             keywords = "Network Security, Honeypots, Spam, Open 
                         Proxy.",
                 issn = "1807-4545",
                label = "lattes: 9922863822347014 2 
                         Steding-JessenVijaMont:2008:UsLoHo",
             language = "en",
        urlaccessdate = "19 ago. 2016"
}

@misc{rfc1034,
  author = {Paul Mockapetris},
  title = {Domain Names -- Concepts and Facilities},
  howpublished = {RFC 1034},
  month = nov,
  url = {\url{http://tools.ietf.org/html/rfc1035}},
  year = {1987}
}

@Misc{cert-recursivos-abertos,
    author = {CERT.br},
    title  = {Servidores {DNS} recursivos abertos},
    month  = {dec},
    year   = {2014},
    note    = {Disponível em \url{http://www.cert.br/docs/whitepapers/dns-recursivo-aberto/}. Acessado em 16/11/2016.}
}

@TechReport{Conrad:2012:tidssr,
  author = 	 {David Conrad},
  title = 	 {Towards Improving {DNS} Security, Stability, and Resiliency},
  institution =  {Internet Society},
  year = 	 {2012},
  note = 	 {Disponível em \url{http://tinyurl.com/h5z49y5}}}

@TechReport{Salusky:2007:ffsn,
  author = 	 {William Salusky and Robert Danford},
  title = 	 {Know Your Enemy: Fast-Flux Service Networks},
  institution =  {The Honeynet Project},
  type =         {Relatório técnico},
  year = 	 2007,
  month = 	 jul,
  note = 	 {Disponível em \url{http://www.honeynet.org/papers/ff}}}


%%http://ensinoatual.com/blog/?p=896


@article{Gao:2013,
 author = {Gao, Hongyu and Yegneswaran, Vinod and Chen, Yan and Porras, Phillip and Ghosh, Shalini and Jiang, Jian and Duan, Haixin},
 title = {An Empirical Reexamination of Global {DNS} Behavior},
 journal = {SIGCOMM Comput. Commun. Rev.},
 issue_date = {October 2013},
 volume = {43},
 number = {4},
 month = aug,
 year = {2013},
 issn = {0146-4833},
 pages = {267--278},
 numpages = {12},
 url = {\url{http://doi.acm.org/10.1145/2534169.2486018}},
 doi = {10.1145/2534169.2486018},
 acmid = {2486018},
 publisher = {ACM},
 address = {New York, NY, USA},
 keywords = {dns, malicious domain detection, measurement},
} 
 
@article{Mockapetris:1988,
 author = {Mockapetris, P. and Dunlap, K. J.},
 title = {Development of the {Domain Name System}},
 journal = {SIGCOMM Comput. Commun. Rev.},
 issue_date = {August 1988},
 volume = {18},
 number = {4},
 month = aug,
 year = {1988},
 issn = {0146-4833},
 pages = {123--133},
 numpages = {11},
 url = {\url{http://doi.acm.org/10.1145/52325.52338}},
 doi = {10.1145/52325.52338},
 acmid = {52338},
 publisher = {ACM},
 address = {New York, NY, USA},
}     

@book{Liu:2006,
 author = {Albitz, Cricket and Liu, Paul},
 title = {{DNS} and {BIND} (5th Edition)},
 year = {2006},
 isbn = {0596100574},
 publisher = {O'Reilly Media, Inc.},
}

@article{Jung:2002,
 author = {Jung, Jaeyeon and Sit, Emil and Balakrishnan, Hari and Morris, Robert},
 title = {{DNS} Performance and the Effectiveness of Caching},
 journal = {IEEE/ACM Trans. Netw.},
 issue_date = {October 2002},
 volume = {10},
 number = {5},
 month = oct,
 year = {2002},
 issn = {1063-6692},
 pages = {589--603},
 numpages = {15},
 url = {\url{http://dx.doi.org/10.1109/TNET.2002.803905}},
 doi = {10.1109/TNET.2002.803905},
 acmid = {581877},
 publisher = {IEEE Press},
 address = {Piscataway, NJ, USA},
 keywords = {DNS, caching, internet, measurement, performance},
}

%honeypot cert
@misc{honey:2007, 
title={Honeypots e Honeynets: Definições e Aplicações}, 
url={\url{http://www.cert.br/docs/whitepapers/honeypots-honeynets/}}, 
journal={ CERT.br}, 
author={Hoepers, Cristine and Steding-Jessen, Klaus and Chaves, Marcelo}, 
year={2007}, 
month={Oct}} 

@ONLINE {downdetector,
    author = {Serinus42},
    title  = {Level3 outage map},
    month  = {oct},
    year   = {2016}, 
    url    = {\url{http://downdetector.com/status/level3/map/}}
}

@ONLINE {report:dyn,
    author = {Swati Khandelwal},
    title  = {Massive DDoS Attack Against Dyn {DNS} Service Knocks Popular Sites Offline},
    month  = {oct},
    year   = {2016},
    url    = {\url{http://thehackernews.com/2016/10/dyn-dns-ddos.html}}
}

@Misc{report:ddos,
    author = {Swati Khandelwal},
    title  = {World's largest 1 Tbps DDoS Attack launched from 152,000 hacked Smart Devices},
    month  = {sep},
    year   = {2016},
    note    = {\url{http://thehackernews.com/2016/09/ddos-attack-iot.html}}
}

@book{Naugle:1998,
 author = {Naugle, Matthew G.},
 title = {Network Protocol Handbook},
 year = {1998},
 isbn = {0070466033},
 edition = {1st},
 publisher = {McGraw-Hill, Inc.},
 address = {New York, NY, USA},
} 

@inproceedings{PerdisciCDL09,
  author    = {Roberto Perdisci and
               Igino Corona and
               David Dagon and
               Wenke Lee},
  title     = {Detecting Malicious Flux Service Networks through Passive Analysis
               of Recursive {DNS} Traces},
  booktitle = {Twenty-Fifth Annual Computer Security Applications Conference, {ACSAC}
               2009, Honolulu, Hawaii, 7-11 December 2009},
  pages     = {311--320},
  year      = {2009},
  url       = {\url{http://dx.doi.org/10.1109/ACSAC.2009.36}},
  doi       = {10.1109/ACSAC.2009.36},
  timestamp = {Mon, 04 Aug 2014 17:08:32 +0200},
  biburl    = {\url{http://dblp.uni-trier.de/rec/bib/conf/acsac/PerdisciCDL09}},
  bibsource = {dblp computer science bibliography, http://dblp.org}
}

@article{ZhaoXXW15,
  added-at = {2015-09-07T00:00:00.000+0200},
  author = {Zhao, G. and Xu, K. and Xu, L. and Wu, B.},
  biburl = {http://www.bibsonomy.org/bibtex/29f73efc751b9464192c6b6c21e0298b7/dblp},
  ee = {\url{http://dx.doi.org/10.1109/ACCESS.2015.2458581}},
  interhash = {bdad90f1543348acc4c101d32859d9b7},
  intrahash = {9f73efc751b9464192c6b6c21e0298b7},
  journal = {IEEE Access},
  keywords = {dblp},
  pages = {1132-1142},
  timestamp = {2015-09-08T11:33:00.000+0200},
  title = {Detecting {APT} Malware Infections Based on Malicious {DNS} and Traffic Analysis},
  volume = 3,
  year = 2015
}

@INPROCEEDINGS{DNS:RootServer,
       Author = {Brownlee, N. and claffy, k. and Nemeth, E.}, 
       Title = {{{DNS} Measurements at a Root Server}},
       BookTitle = {IEEE Global Telecommunications Conference},
       Publisher = {IEEE Global Telecommunications Conference (GLOBECOM)},
       Address = {San Antonio, TX},
       Month = {Nov},
       Year = {2001},
       Keywords = {dns}
}
    
@inproceedings{de2009analise,
  title={An{\'a}lise Passiva do Tr{\'a}fego {DNS} da {Internet} Brasileira},
  author={Barbosa, Kaio Rafael and Pereira, Eduardo Souto James},
  booktitle={IX Simp{\'o}sio Brasileiro em Seguran{\c{c}}a da Informa{\c{c}}{\~a}o e de Sistemas Computacionais (SBSEG 2009)},
  pages={203--216},
  year={2009}
}

@article{Castro:2008,
 author = {Castro, Sebastian and Wessels, Duane and Fomenkov, Marina and Claffy, Kimberly},
 title = {A Day at the Root of the {Internet}},
 journal = {SIGCOMM Comput. Commun. Rev.},
 issue_date = {October 2008},
 volume = {38},
 number = {5},
 month = sep,
 year = {2008},
 issn = {0146-4833},
 pages = {41--46},
 numpages = {6},
 url = {\url{http://doi.acm.org/10.1145/1452335.1452341}},
 doi = {10.1145/1452335.1452341},
 acmid = {1452341},
 publisher = {ACM},
 address = {New York, NY, USA},
 keywords = {day in the life of the internet, domain name system, misconfiguration, root servers, traffic growth, unwanted traffic},
} 

@inproceedings{Zdrnja:2007,
 author = {Zdrnja, Bojan and Brownlee, Nevil and Wessels, Duane},
 title = {Passive Monitoring of {DNS} Anomalies},
 booktitle = {Proceedings of the 4th International Conference on Detection of Intrusions and Malware, and Vulnerability Assessment},
 series = {DIMVA '07},
 year = {2007},
 isbn = {978-3-540-73613-4},
 location = {Lucerne, Switzerland},
 pages = {129--139},
 numpages = {11},
 publisher = {Springer-Verlag},
 address = {Berlin, Heidelberg},
}     

@INPROCEEDINGS{DNS:evolution,
       Author = {Castro, S. and Zhang, M. and John, W. and Wessels, D. and claffy, k.}, 
       Title = {{Understanding and preparing for {DNS} evolution}},
       BookTitle = {Traffic Monitoring and Analysis Workshop (TMA)},
       Publisher = {TMA 2010},
       Pages = {1-6},
       Address = {Zurich, Switzerland},
       Institution = {Cooperative Association for Internet Data Analysis (CAIDA)},
       Month = {Apr},
       Year = {2010},
       Keywords = {dns   routing   topology   ipv6}
}


@inproceedings{Spitzner:2003,
 author = {Spitzner, Lance},
 title = {Honeypots: Catching the Insider Threat},
 booktitle = {Proceedings of the 19th Annual Computer Security Applications Conference},
 series = {ACSAC '03},
 year = {2003},
 isbn = {0-7695-2041-3},
 pages = {170--},
 url = {\url{http://dl.acm.org/citation.cfm?id=956415.956438}},
 acmid = {956438},
 publisher = {IEEE Computer Society},
 address = {Washington, DC, USA},
} 

@MISC {web:Microsoft,
    author       = "Microsoft",
    title        = "Protocolo {DNS}",
    howpublished = "technet microsoft",
    month        = "nov",
    year         = "2016",
    note         = "\url{https://technet.microsoft.com/pt-br/library/dd197470(v=ws.10).aspx};"
}

@article{Danzig:1992,
  title={An analysis of wide-area name server traffic: a study of the {Internet Domain Name System}},
  author={Danzig, Peter B and Obraczka, Katia and Kumar, Anant},
  journal={ACM SIGCOMM Computer Communication Review},
  volume={22},
  number={4},
  pages={281--292},
  year={1992},
  publisher={ACM}
}

@MISC {web:Mockapetris,
    author       = "P. Mockapetris",
    title        = "DOMAIN NAMES - CONCEPTS AND FACILITIES",
    howpublished = "Network Working Group",
    month        = "nov",
    year         = "2016",
    note         = "\url{https://tools.ietf.org/html/rfc1034};"
}

@MISC{rfc1035,
    author       = "Paul Mockapetris",
    title        = "Domain Names -- Implementation and Specification",
    howpublished = "RFC 1035",
    month        = "nov",
    year         = "1987",
    url         = "\url{https://tools.ietf.org/html/rfc1035}"
}

@MISC {web:iana,
    author       = "iana",
    title        = "Root Servers",
    howpublished = "iana",
    month        = "nov",
    year         = "2016",
    note         = "\url{https://www.iana.org/domains/root/servers};"
}

@MISC {web:13root,
    author = "Daniel Karrenberg",
    title  = "Root Servers",
    month  = "nov",
    year   = "2016",
    note   = "\url{http://www.root-servers.org/};
The 13 root name servers"
}

@Monography{Medeiros:2011,
  author = 	 {Heloisa de Medeiros},
  title = 	 {Análise de Desempenho do Uso de {TCP} para Consultas {DNS}},
  school = 	 {Bacharelado em Ciência da Computação, Universidade
                  do Estado de Santa Catarina},
  year = 	 2011,
  type = 	 {Trabalho de conclusão de curso},
  address = 	 {Joinville},
  month = 	 {junho de}}

@misc{rfc3833,
  author = {Derek Atkins and Rob Austein},
  title = {Threat Analysis of the {Domain Name System (DNS)}},
  howpublished = {RFC 3833},
  month = {agosto de},
  url = {\url{http://tools.ietf.org/html/rfc3833}},
  year = {2004}
}

@misc{rfc7626,
  author = {St\'ephane Bortzmeyer},
  title = {{DNS} Privacy Considerations},
  howpublished = {RFC 7626},
  month = {agosto de},
  url = {\url{http://tools.ietf.org/html/rfc7626}},
  year = {2015}
}


@InProceedings{Thomas:2014:TCP,
  author = 	 {Matt Thomas and Duane Wessels},
  title = 	 {An Analysis of {TCP} Traffic in
              Root Server {DITL} Data},
  booktitle = {DNS-OARC 2014 Fall Workshop},
  year = 	 2014,
  month = 	 {October},
  url = 	 {\url{http://tinyurl.com/zzw4kud}}
}

@Article{Thielman:2016:Dyn,
  author = 	 {Sam Thielman and Chris Johnston},
  title = 	 {Major Cyber Attack Disrupts {Internet} Service across {Europe and US}},
  journal = 	 {The Guardian},
  year = 	 2016,
  note = 	 {Publicado em 21/10/2016},
  url = 	 {\url{http://tinyurl.com/zvdbrym}}
}

@Misc{Schneier:2016:Dyn,
  author =	 {Bruce Schneier},
  title =	 {Lessons From the {Dyn DDoS} Attack},
  howpublished = {Security Intelligence},
  month =	 {novembro de},
  url =
                  {\url{http://tinyurl.com/jjet78r}},
  year =	 2016
}

@MISC {web:dns:parameters,
    author = "Wolfgang Riedel",
    title  = "Domain Name System (DNS) Parameters",
    month  = "dec",
    year   = "2016",
    note   = "\url{http://www.iana.org/assignments/dns-parameters};"
}