@monography{Nunes2016,
  address = {Natal},
  author  = {Tomaz Filgueira Nunes},
  pages   = {49},
  school  = {Engenharia Mecatrônica na Universidade Federal do Rio Grande do Norte},
  title   = {Telemetria de um veículo Baja SAE através de rede CAN},
  type    = {Trabalho de Conclusão de Curso},
  year    = {2016}
 }


@monography{Dias2010,
  author  = {Jullierme Emiliano Alves Dias},
  title   = {Eletrônica, Instrumentação e Telemetria do Veículo UFVBAJA},
  school  = {Engenharia Elétrica na Universidade Federal de Viçosa},
  year    = {2010},
  type    = {Trabalho de Conclusão de Curso},
  address = {Viçosa},
  pages   = {50}
}

@monography{Pereira2012,
  author  = {Rafael Moya Rodrigues Pereira},
  title   = {Processos de Software para Implementações de Especificações Relacionadas ao Projeto Fórmula SAE/EESC/USP},
  school  = {Engenharia Elétrica na Universidade de São Paulo},
  year    = {2012},
  type    = {Trabalho de Conclusão de Curso},
  address = {São Carlos},
  pages   = {87}
}

@ONLINE{bajasae,
    author = {SAE},
    title  = {Estudantes de engenharia constroem 30 carros off-road para competição},
    year   = {2016},
    url    = {http://portal.saebrasil.org.br/noticia/noticia-sae-brasil/Post/4151/Estudantes-de-engenharia-constroem-30-carros-off-road-para-competi\%C3\%A7\%C3\%A3o},
    urlaccessdate = {ago. 2017}
}


@ONLINE{regulamentobajasae,
    author = {SAE},
    title  = {Regulamento},
    year   = {2017},
    url    = {http://portal.saebrasil.org.br/programas-estudantis/baja-sae-brasil/regras},
    urlaccessdate = {ago. 2017}
}

@ONLINE{MTEsensorVelocidade,
  author = {MTE-THOMSON},
  title  = {Catálogo Eletrônico - 73020},
  year   = {2017},
  url    = {https://cate.mte-thomson.com.br/produto/detalhes/73020},
  urlaccessdate = {nov. 2017}
}

@ONLINE{SHARP,
  author = {SHARP},
  title  = {GP2Y0A21YK0F Datasheet},
  year   = {2017},
  url    = {http://www.mouser.com/ds/2/321/gp2y0a21yk\_e-3493.pdf},
  urlaccessdate = {nov. 2017}
}
%ESTE É O CORRETO, ARRUMAR COM BASE EM manifestoagil
@ONLINE{manifestoagil,
    author        = {AGILE},
    title         = {Manifesto for Agile Software Development},
    year          = {2011},
    url           = {http://agilemanifesto.org},
    urlaccessdate = {nov. 2017}
}

@ONLINE{scrum,
    author        = {Desenvolvimentoagil},
    title         = {SCRUM},
    year          = {2014},
    url           = {http://desenvolvimentoagil.com.br},
    urlaccessdate = {nov. 2017}
}


@ONLINE{fordt,
    author        = {History},
    title         = {{\'U}ltimo dia de produção do modelo T da Ford},
    year          = {2017},
    url           = {https://seuhistory.com/hoje-na-historia/ultimo-dia-de-producao-do-modelo-t-da-ford},
    urlaccessdate = {nov. 2017}
}


@ONLINE{vela,
    author        = {Bosch},
    title         = {Iridium Spark Plugs},
    year          = {2017},
    url           = {https://www.boschautoparts.com/en/auto/spark-plugs/iridium-spark-plugs},
    urlaccessdate = {out. 2017}
}

@ONLINE{cvt,
    author        = {Nissan},
    title         = {New Nissan Pathfinder Performance},
    year          = {2017},
    url           = {https://www.nissan.co.kr/vehicles/new/pathfinder/performance.html},
    urlaccessdate = {nov. 2017}
}

@ONLINE{tempcvt,
    author        = {Melexis},
    title         = {MLX90614 family},
    year          = {2017},
    url           = {https://www.sparkfun.com/datasheets/Sensors/Temperature/MLX90614\_rev001.pdf},
    urlaccessdate = {nov. 2017}
}

@ONLINE{sensortempauto,
    author        = {FAE},
    title         = {Temperature Sensor - Breakdown},
    year          = {2017},
    url           = {http://www.fae.es/en/products/temperature-sensor},
    urlaccessdate = {nov. 2017}
}

@ONLINE{atmel,
    author        = {Atmel},
    title         = {ATmega328/P Datasheet Complete},
    year          = {2016},
    url           = {http://www.atmel.com/Images/Atmel-42735-8-bit-AVR-Microcontroller-ATmega328-328P\_Datasheet.pdf},
    urlaccessdate = {nov. 2017}
}


@INPROCEEDINGS{projetoMiniBaja2006, 
  author    ={T. V. Ara{\'u}jo and I. B. Queiroz and J. M. Neto and L. G. Vale and A. M. Lima and J. F. Maribondo}, 
  booktitle ={XXXIV Congresso Brasileiro de Ensino de Engenharia}, 
  title     ={Projeto mini baja como estudo de para instrumentação eletrônica}, 
  year      ={2006}, 
  volume    ={}, 
  number    ={}, 
  pages     ={1776-1790}, 
  keywords  ={Mini baja; Instrumentação; Eletrônica; Microcontroladores},
  doi       ={}, 
  ISSN      ={}, 
  month     ={set}
}

@INPROCEEDINGS{vehicleDataAcquisition2014, 
  author={J. R. Chandiramani and S. Bhandari and S. A. Hariprasad}, 
  booktitle={2014 Fifth International Conference on Signal and Image Processing}, 
  title={Vehicle Data Acquisition and Telemetry}, 
  year={2014}, 
  volume={}, 
  number={}, 
  pages={187-191}, 
  keywords={Zigbee;automotive engineering;data acquisition;digital filters;mechanical engineering computing;telemetry;wireless sensor networks;DAQ system;ZigBee network;automotive application;data rate;digital filter;filtering;moving vehicle;noise factor;race team;sensor data;serial data;telemetry;vehicle data acquisition;vehicle development;vehicle manufacturer;wireless transmission;word length 10 bit;Data acquisition;Graphical user interfaces;Noise;Telemetry;Temperature sensors;Testing;Vehicles;Data acquisition;ZigBee;automotive;filtering;telemetry;vehicle},
  doi={10.1109/ICSIP.2014.35}, 
  ISSN={}, 
  month={jan}
}

@INPROCEEDINGS{gprsTelemetrySystem2013,
  author={A. G. Calder{\'o}n and G. G. Ruiz and A. C. G. Boh{\'o}rquez},
  booktitle={2013 World Electric Vehicle Symposium and Exhibition (EVS27)},
  title={GPRS telemetry system for high-efficiency electric competition vehicles},
  year={2013},
  volume={},
  number={},
  pages={1-7},
  keywords={cellular radio;electric vehicles;electrical engineering education;packet radio networks;radiotelemetry;sport;student experiments;testing;GPRS telemetry system;high efficiency electric competition vehicles;multidisciplinary groups;usage conditions;wireless electronic telemetry system;Batteries;Educational institutions;Monitoring;Software;Telemetry;Vehicles;Wireless communication;Electric Racing Vehicles;GPRS;Project-based Education;Telemetry system;Wireless},
  doi={10.1109/EVS.2013.6914788},
  ISSN={},
  month={Nov}
}

@INPROCEEDINGS{applicationOfData2010,
author={Z. Taha and R. Passarella and H. X. How and J. M. Sah and N. Ahmad and R. A. R. Ghazilla and J. H. Yap},
booktitle={2010 Second International Conference on Computer Engineering and Applications},
title={Application of Data Acquisition and Telemetry System into a Solar Vehicle},
year={2010},
volume={1},
number={},
pages={96-100},
keywords={data acquisition;solar powered vehicles;tachometers;telemetry;thermocouples;transducers;Adelaide;CPDM;Center for Product Design and Manufacturing;DaqT system;Darwin;LabVIEW;MaxStream Xstream Radio Frequency modules;National Instruments;University Malaya;WSC 2009;World Solar Challenge;battery storage;biannual solar powered car;cRIO;compactRIO;current transducers;data acquisition and telemetry system;data logging;performance monitoring;sensors;solar vehicle;tachometer;thermocouples;wireless communication;Current measurement;Data acquisition;Instruments;Manufacturing;Monitoring;Product design;Radio frequency;Solar powered vehicles;System testing;Telemetry;DaqT;LabView;Solar Vehicle;cRIO},
doi={10.1109/ICCEA.2010.26},
ISSN={},
month={March},}

@ARTICLE{racecarInstrumentationFor2012,
author={D. I. Katzourakis and E. Velenis and D. Abbink and R. Happee and E. Holweg},
journal={IEEE Transactions on Instrumentation and Measurement},
title={Race-Car Instrumentation for Driving Behavior Studies},
year={2012},
volume={61},
number={2},
pages={462-474},
keywords={automobiles;automotive engineering;steering systems;custom-built equipment;electronic boards;high-speed driving behavior research;mechanical designs;open-source-based software;race-car instrumentation;steering angle-torque sensors;vehicular experiments;wheel-speed sensors;Assembly;Automotive engineering;Instruments;Sensors;Software;Vehicles;Wheels;AVR;Automotive control;Open Computer Vision Library (OpenCV);data fusion;driver modeling and behavior analysis;global positioning system (GPS);inertial sensors;race-car instrumentation;slip-angle sensor},
doi={10.1109/TIM.2011.2164281},
ISSN={0018-9456},
month={Feb}
}

@INPROCEEDINGS{wirelessSensorNetwork2015,
author={S. J. Eagle and G. P. Hancke and B. J. Silva},
booktitle={AFRICON 2015},
title={Wireless sensor networks for safety protocols in the industry},
year={2015},
volume={},
number={},
pages={1-5},
keywords={protocols;wireless sensor networks;base station;safety protocols;wireless sensor networks;wireless sensor node platform;Base stations;Monitoring;Temperature measurement;Temperature sensors;Vibrations;Wireless communication;Wireless sensor networks;industrial sensors;industrial standards;wireless sensor network},
doi={10.1109/AFRCON.2015.7332009},
ISSN={},
month={Sept},}

@INPROCEEDINGS{designAndImplementation2015,
author={G. Andria and F. Attivissimo and A. Di Nisio and A. M. L. Lanzolla and A. Pellegrino},
booktitle={2015 IEEE International Instrumentation and Measurement Technology Conference (I2MTC) Proceedings},
title={Design and implementation of automotive data acquisition platform},
year={2015},
volume={},
number={},
pages={272-277},
keywords={Global Positioning System;data acquisition;sensors;telemetry;GPS;Global Positioning System;IMU;OBD sensor;automotive data acquisition platform;automotive telemetry application;driving style analysis;fault detection;fleet management;inertial measurement unit;on-board diagnostics sensor;Accelerometers;Automotive engineering;Engines;Global Positioning System;Sensor systems;Vehicles;Automotive control;car instrumentation;geographic information system;global positioning system;telemetry},
doi={10.1109/I2MTC.2015.7151278},
ISSN={1091-5281},
month={May},}

@article{developmentOfAn2016,
title = "Development of an automotive data acquisition platform for analysis of driving behavior",
journal = "Measurement",
volume = "93",
number = "Supplement C",
pages = "278 - 287",
year = "2016",
issn = "0263-2241",
doi = "https://doi.org/10.1016/j.measurement.2016.07.035",
url = "http://www.sciencedirect.com/science/article/pii/S0263224116303943",
author = "G. Andria and F. Attivissimo and A. Di Nisio and A.M.L. Lanzolla and A. Pellegrino",
keywords = "Automotive control, Car instrumentation, Driving style, Telemetry"
}

@INPROCEEDINGS{vehicleDataAcquisition2014,
author={J. R. Chandiramani and S. Bhandari and S. A. Hariprasad},
booktitle={2014 Fifth International Conference on Signal and Image Processing},
title={Vehicle Data Acquisition and Telemetry},
year={2014},
volume={},
number={},
pages={187-191},
keywords={Zigbee;automotive engineering;data acquisition;digital filters;mechanical engineering computing;telemetry;wireless sensor networks;DAQ system;ZigBee network;automotive application;data rate;digital filter;filtering;moving vehicle;noise factor;race team;sensor data;serial data;telemetry;vehicle data acquisition;vehicle development;vehicle manufacturer;wireless transmission;word length 10 bit;Data acquisition;Graphical user interfaces;Noise;Telemetry;Temperature sensors;Testing;Vehicles;Data acquisition;ZigBee;automotive;filtering;telemetry;vehicle},
doi={10.1109/ICSIP.2014.35},
ISSN={},
month={Jan},}

@INPROCEEDINGS{aSurveyTo2010, 
author={B. Sheela Rani and R. R. Santhosh and Leni Sam Prabhu and M. Federick and V. Kumar and S. Santhosh}, 
booktitle={Recent Advances in Space Technology Services and Climate Change 2010 (RSTS CC-2010)}, 
title={A survey to select microcontroller for Sathyabama satellite's On Board Computer subsystem}, 
year={2010}, 
volume={}, 
number={}, 
pages={134-137}, 
keywords={aerospace computing;artificial satellites;microcontrollers;CubeSat;Sathyabama satellite;TUBSAT-N;data communication;microcontroller;nanosatellite;onboard computer subsystem;pollution monitoring;space technology;Algorithm design and analysis;Computers;Microcontrollers;Monitoring;Payloads;Satellite broadcasting;Satellites;Bus Interface;Microcontroller;Nanosatellite SATHYABAMASAT;On Board Computer (OBC)}, 
doi={10.1109/RSTSCC.2010.5712831}, 
ISSN={}, 
month={Nov},}

@book{wazlawick2013engenharia,
  title={ENGENHARIA DE SOFTWARE: CONCEITOS E PR{\'A}TICAS},
  author={Wazlawick, R.},
  isbn={9788535260854},
  url={https://books.google.com.br/books?id=Qtg4VUkE0V0C},
  year={2013},
  publisher={Elsevier Brasil}
}


@book{mazidi2008pic,
  title={PIC Microcontroller and Embedded Systems: Using Assembly and C for PIC18},
  author={Mazidi, M.A. and McKinlay, R.D. and Causey, D.},
  isbn={9780136009023},
  lccn={2006053262},
  url={https://books.google.com.br/books?id=TVPMGQAACAAJ},
  year={2008},
  publisher={Pearson Prentice Hall}
}

@book{Naunheimer2011,
abstract = {This book gives a full account of the development process for automotive transmissions. It seeks to impart lines of reasoning, demonstrate approaches, and provide comprehensive data for the practical tasks. Much of the content is concerned with aspects of technology and production that are of general validity, and hence of enduring relevance. But there is also a chapter describing various state-of-the-art production designs. The strong market dynamics in recent years is reflected in numerous new transmission types. Major lines of evolution treated in the book include the increasing use of electronics, light-weight construction, and the automation of manual gearboxes. Much of the expertise recorded springs from joint projects with German and international car and gear manufacturers.},
archivePrefix = {arXiv},
arxivId = {arXiv:1011.1669v3},
author = {Naunheimer, Harald and Bertsche, Bernd and Ryborz, Joachim and Novak, Wolfgang and Fietkau, Peter},
booktitle = {Automotive Transmissions: Fundamentals, Selection, Design and Application},
doi = {10.1007/978-3-642-16214-5},
eprint = {arXiv:1011.1669v3},
isbn = {9783642162138},
issn = {14337851},
pmid = {25246403},
title = {{Automotive transmissions: Fundamentals, selection, design and application}},
year = {2011}
}

@book{Sommerville2010,
abstract = {The book presents a broad perspective on software systems engineering, concentrating on widely used techniques for developing large-scale systems. Building on the widely acclaimed strengths of the 8th edition, the 9th edition updates readers with the latest developments in the field while remaining the most current Software Engineering text in the market with quality trusted coverage and practical case studies. This text is structured into 6 parts: Introduction; Requirements Engineering; Design; Software Development; Verification and Validation; Management. An up-to-date reference for software engineers.},
archivePrefix = {arXiv},
arxivId = {0321313798},
author = {Sommerville, Ian},
booktitle = {Software Engineering},
doi = {10.1111/j.1365-2362.2005.01463.x},
eprint = {0321313798},
isbn = {9780137035151},
issn = {0014-2972},
pages = {790},
pmid = {15667577},
title = {{Software Engineering}},
year = {2010}
}


@book{kilian2001modern,
  title={Modern Control Technology: Components and Systems},
  author={Kilian, C.T.},
  isbn={9780766823587},
  lccn={00049392},
  series={Student Material TV Series},
  url={https://books.google.com.br/books?id=h35SAAAAMAAJ},
  year={2001},
  publisher={Delmar Thomson Learning}
}

@book{Fraden2016,
abstract = {Predicting the binding mode of flexible polypeptides to proteins is an important task that falls outside the domain of applicability of most small molecule and protein−protein docking tools. Here, we test the small molecule flexible ligand docking program Glide on a set of 19 non-$\alpha$-helical peptides and systematically improve pose prediction accuracy by enhancing Glide sampling for flexible polypeptides. In addition, scoring of the poses was improved by post-processing with physics-based implicit solvent MM- GBSA calculations. Using the best RMSD among the top 10 scoring poses as a metric, the success rate (RMSD ≤ 2.0 {\AA} for the interface backbone atoms) increased from 21{\%} with default Glide SP settings to 58{\%} with the enhanced peptide sampling and scoring protocol in the case of redocking to the native protein structure. This approaches the accuracy of the recently developed Rosetta FlexPepDock method (63{\%} success for these 19 peptides) while being over 100 times faster. Cross-docking was performed for a subset of cases where an unbound receptor structure was available, and in that case, 40{\%} of peptides were docked successfully. We analyze the results and find that the optimized polypeptide protocol is most accurate for extended peptides of limited size and number of formal charges, defining a domain of applicability for this approach.},
archivePrefix = {arXiv},
arxivId = {arXiv:1011.1669v3},
author = {Fraden, Jacob},
booktitle = {Handbook of Modern Sensors: Physics, Designs, and Applications},
doi = {10.1007/978-3-319-19303-8},
eprint = {arXiv:1011.1669v3},
isbn = {9783319193038},
issn = {1098-6596},
pages = {1--758},
pmid = {25246403},
title = {{Handbook of modern sensors: Physics, designs, and applications}},
year = {2016}
}

@book{elahi2009zigbee,
  title={ZigBee Wireless Sensor and Control Network},
  author={Elahi, A. and Gschwender, A.},
  isbn={9780137059409},
  series={Prentice Hall Communications Engineering and Emerging Technologies Series from Ted Rappaport},
  url={https://books.google.com.br/books?id=481PeRPyiEoC},
  year={2009},
  publisher={Pearson Education}
}

@book{gislason2008zigbee,
  title={ZigBee wireless networking},
  author={Gislason, Drew},
  year={2008},
  publisher={Newnes}
}